<record xmlns="http://www.loc.gov/MARC21/slim" xmlns:xsi="http://www.w3.org/2001/XMLSchema-instance" xsi:schemaLocation="http://www.loc.gov/MARC21/slim http://www.loc.gov/standards/marcxml/schema/MARC21slim.xsd"><leader>     nam a22        4500</leader><controlfield tag="001">3058996</controlfield><controlfield tag="003">NNC</controlfield><controlfield tag="006">m        d        </controlfield><controlfield tag="007">cr cn |||m|||a</controlfield><controlfield tag="008">150316s1954    ir a    ob    000 0 arar </controlfield><datafield ind1=" " ind2=" " tag="040"><subfield code="a">NNU</subfield><subfield code="b">eng</subfield><subfield code="e">rda</subfield><subfield code="c">NNU</subfield></datafield><datafield ind1="0" ind2="0" tag="050"><subfield code="a">SK25</subfield><subfield code="b">.K85 1954</subfield></datafield><datafield ind1="1" ind2=" " tag="100"><subfield code="6">880-01</subfield><subfield code="a">Kusha&#772;jim, Mah&#803;mu&#772;d ibn al-H&#803;usayn,</subfield><subfield code="d">active 10th century.</subfield></datafield><datafield ind1="1" ind2="3" tag="245"><subfield code="6">880-02</subfield><subfield code="a">al-Mas&#803;a&#772;yid wa-al-mat&#803;a&#772;rid /</subfield><subfield code="c">ta&#700;li&#772;f Abi&#772; al-Fat&#803;h Mah&#803;mu&#772;d ibn al-H&#803;asan al-Ka&#772;tib al-ma&#699;ru&#772;f bi-Kusha&#772;jm; H&#803;aqqaqahu wa-&#699;allaqa &#699;alayh Muh&#803;amad As&#699;ad T&#803;alas.</subfield></datafield><datafield ind1=" " ind2=" " tag="260"><subfield code="6">880-03</subfield><subfield code="a">Baghda&#772;d :</subfield><subfield code="b">Da&#772;r al-Yaqz&#803;ah,</subfield><subfield code="c">[1954]</subfield></datafield><datafield ind1=" " ind2=" " tag="300"><subfield code="a">online resource (15, 288, 62 pages) :</subfield><subfield code="b">illustrations</subfield></datafield><datafield ind1=" " ind2=" " tag="336"><subfield code="a">text</subfield><subfield code="2">rdacontent</subfield></datafield><datafield ind1=" " ind2=" " tag="337"><subfield code="a">computer</subfield><subfield code="2">rdamedia</subfield></datafield><datafield ind1=" " ind2=" " tag="338"><subfield code="a">online resource</subfield><subfield code="2">rdacarrier</subfield></datafield><datafield ind1=" " ind2=" " tag="500"><subfield code="a">Added t.p.: al-Masayid wal-matarid, by Abi-l Fath Mahmud ibn al-Hasan al-Katib, known as Kushajim.</subfield></datafield><datafield ind1=" " ind2=" " tag="500"><subfield code="a">Part of the Arabic Collections Online (ACO) project, contributed by Columbia University Libraries.</subfield></datafield><datafield ind1=" " ind2=" " tag="504"><subfield code="a">Includes bibliographical references (pages 43-45 (3d group)).</subfield></datafield><datafield ind1=" " ind2=" " tag="533"><subfield code="a">Electronic reproduction.</subfield><subfield code="b">New York, N.Y. :</subfield><subfield code="c">New York University,</subfield><subfield code="d">2015.</subfield><subfield code="5">NNU</subfield></datafield><datafield ind1=" " ind2="0" tag="650"><subfield code="a">Hunting</subfield><subfield code="v">Early works to 1800.</subfield></datafield><datafield ind1=" " ind2="7" tag="650"><subfield code="a">Hunting.</subfield><subfield code="2">fast</subfield><subfield code="0">(OCoLC)fst00964162</subfield></datafield><datafield ind1=" " ind2="7" tag="655"><subfield code="a">Early works.</subfield><subfield code="2">fast</subfield><subfield code="0">(OCoLC)fst01411636</subfield></datafield><datafield ind1="2" ind2=" " tag="710"><subfield code="a">Columbia University.</subfield><subfield code="b">Libraries.</subfield></datafield><datafield ind1="0" ind2=" " tag="730"><subfield code="a">Arabic Collections Online.</subfield></datafield><datafield ind1="0" ind2="8" tag="776"><subfield code="i">Online version:</subfield><subfield code="a">Kusha&#772;jim, Mah&#803;mu&#772;d ibn al-H&#803;usayn, 10th cent.</subfield><subfield code="t">Mas&#803;a&#772;yid wa-al-mat&#803;a&#772;rid.</subfield><subfield code="d">Baghda&#772;d, Da&#772;r al-Yaqdhah [Tavikh al-muqaddimah, 1954]</subfield><subfield code="w">(OCoLC)578878562</subfield></datafield><datafield ind1="0" ind2="8" tag="776"><subfield code="i">Print version:</subfield><subfield code="a">Kusha&#772;jim, Mah&#803;mu&#772;d ibn al-H&#803;usayn, active 10th century.</subfield><subfield code="t">al-Mas&#803;a&#772;yid wa-al-mat&#803;a&#772;rid</subfield><subfield code="w">(NNC)3058996</subfield><subfield code="w">(DLC)ne 62001359 </subfield><subfield code="w">(OCoLC)7872521</subfield></datafield><datafield ind1="4" ind2="0" tag="856"><subfield code="u">http://hdl.handle.net/2333.1/gxd256hk</subfield></datafield><datafield ind1="1" ind2=" " tag="880"><subfield code="6">100-01/r</subfield><subfield code="a">&#1603;&#1588;&#1575;&#1580;&#1605;&#1548; &#1605;&#1581;&#1605;&#1608;&#1583; &#1576;&#1606; &#1575;&#1604;&#1581;&#1587;&#1610;&#1606;&#1548;</subfield><subfield code="d">active 10th century.</subfield></datafield><datafield ind1="1" ind2="2" tag="880"><subfield code="6">245-02/r</subfield><subfield code="a">&#1575;&#1604;&#1605;&#1589;&#1575;&#1610;&#1583; &#1608;&#1575;&#1604;&#1605;&#1591;&#1575;&#1585;&#1583; /</subfield><subfield code="c">&#1578;&#1571;&#1604;&#1610;&#1601; &#1575;&#1576;&#1610; &#1575;&#1604;&#1601;&#1591;&#1607; &#1605;&#1581;&#1605;&#1608;&#1583; &#1576;&#1606; &#1575;&#1604;&#1581;&#1587;&#1606; &#1575;&#1604;&#1603;&#1575;&#1578;&#1576; &#1575;&#1604;&#1605;&#1593;&#1585;&#1608;&#1601; &#1576;&#1603;&#1588;&#1575;&#1580;&#1605;&#1563; &#1581;&#1602;&#1602;&#1607; &#1608;&#1593;&#1604;&#1602; &#1593;&#1604;&#1610;&#1607; &#1605;&#1581;&#1605;&#1583; &#1575;&#1587;&#1593;&#1583; &#1591;&#1604;&#1587;.</subfield></datafield><datafield ind1=" " ind2=" " tag="880"><subfield code="6">260-03/r</subfield><subfield code="a">&#1576;&#1594;&#1583;&#1575;&#1583; :</subfield><subfield code="b">&#1583;&#1575;&#1585; &#1575;&#1604;&#1610;&#1602;&#1592;&#1577;&#1548;</subfield><subfield code="c">[1954]</subfield></datafield><datafield ind1=" " ind2=" " tag="959"><subfield code="a">NNU</subfield><subfield code="b">WEB</subfield><subfield code="c">GENI</subfield><subfield code="t">0</subfield><subfield code="m">Electronic access</subfield><subfield code="s">01</subfield></datafield><datafield ind1=" " ind2=" " tag="999"><subfield code="i">NNC_3058996</subfield><subfield code="o">(OCoLC)ocm07872521</subfield><subfield code="e">(ERROR-880)</subfield><subfield code="s">columbia_aco000280</subfield></datafield></record>